# $Id$

@inproceedings{BA15,
  author    = "Bury, Guillaume and Delahaye, David and Doligez, Damien and
               Halmagrand, Pierre and Hermant, Olivier",
  title     = "{Automated Deduction in the \bmth{} Set Theory using Typed Proof
               Search and Deduction Modulo}",
  booktitle = "Logic for Programming, Artificial Intelligence and Reasoning
               (LPAR) - Short Presentations",
  publisher = "EasyChair",
  volume    = 35,
  address   = "Suva (Fiji)",
  pages     = "42--58",
  month     = nov,
  year      = 2015
}

@inproceedings{BP13,
  author    = "Blanchette, Jasmin~Christian and Paskevich, Andrei",
  title     = "{TFF1: The TPTP Typed First-Order Form with Rank-1
                Polymorphism}",
  booktitle = "Conference on Automated Deduction (CADE)",
  publisher = "Springer",
  series    = "LNCS",
  address   = "Lake Placid (NY, USA)",
  volume    = 7898,
  pages     = "414--420",
  month     = jun,
  year      = 2013
}

@article{brand1975proving,
  title={Proving theorems with the modification method},
  author={Brand, Daniel},
  journal={SIAM Journal on Computing},
  volume={4},
  number={4},
  pages={412--430},
  year={1975},
  publisher={SIAM}
}

@book{B-Book,
  author    = "Abrial, Jean-Raymond",
  title     = "The \bbook{}, Assigning Programs to Meanings",
  publisher = "Cambridge University Press",
  address   = "Cambridge (UK)",
  year      = 1996,
  note      = "ISBN~0521496195"
}

@article{DA03,
  author  = "Dowek, Gilles and Hardin, Thérèse and Kirchner, Claude",
  title   = "{Theorem Proving Modulo}",
  journal = "Journal of Automated Reasoning (JAR)",
  volume  = 31,
  number  = 1,
  pages   = "33--72",
  month   = sep,
  year    = 2003
}

@inproceedings{letz2002integration,
  title={Integration of equality reasoning into the disconnection calculus},
  author={Letz, Reinhold and Stenz, Gernot},
  booktitle={International Conference on Automated Reasoning with Analytic Tableaux and Related Methods},
  pages={176--190},
  year={2002},
  organization={Springer}
}

@inproceedings{backeman2015theorem,
  title={{Theorem proving with bounded rigid E-Unification}},
  author={Backeman, Peter and R{\"u}mmer, Philipp},
  booktitle={International Conference on Automated Deduction},
  pages={572--587},
  year={2015},
  organization={Springer}
}

@article{degtyarev1996you,
  title={{What you always wanted to know about rigid E-unification}},
  author={Degtyarev, Anatoli and Voronkov, Andrei},
  journal={Logics in Artificial Intelligence},
  pages={50--69},
  year={1996},
  publisher={Springer}
}


@article{plaisted1995special,
  title={Special cases and substitutes for rigid E-unification},
  author={Plaisted, David A and Stadtwald, Im},
  year={1995},
  publisher={Citeseer}
}

@article{e_brainiac_prover,
    author = {Schulz, Stephan},
    title = {E - a brainiac theorem prover},
    journal = {AI Commun.},
    issue_date = {August 2002},
    volume = {15},
    number = {2,3},
    month = aug,
    year = {2002},
    issn = {0921-7126},
    pages = {111--126},
    numpages = {16},
    url = {http://dl.acm.org/citation.cfm?id=1218615.1218621},
    acmid = {1218621},
    publisher = {IOS Press},
    address = {Amsterdam, The Netherlands, The Netherlands},
    keywords = {E, Theorem proving, rewriting, search control, superposition},
}
@incollection{iprover_eq_labelled_unit_sup,
    year={2010},
    isbn={978-3-642-16241-1},
    booktitle={Logic for Programming, Artificial Intelligence, and Reasoning},
    volume={6397},
    series={Lecture Notes in Computer Science},
    title={Labelled Unit Superposition Calculi for Instantiation-Based Reasoning},
    publisher={Springer Berlin Heidelberg},
    author={Korovin, Konstantin and Sticksel, Christoph},
    pages={459-473}
}

@inproceedings{barrett2006splitting,
  title={{Splitting on demand in SAT modulo theories}},
  author={Barrett, Clark and Nieuwenhuis, Robert and Oliveras, Albert and Tinelli, Cesare},
  booktitle={International Conference on Logic for Programming Artificial Intelligence and Reasoning},
  pages={512--526},
  year={2006},
  organization={Springer}
}
