# $Id$

@inproceedings{FMCAD13,
  author    = "Jovanovic, Devan and Barrett, Clark and de Moura, Leonardo",
  title     = "The Design and Implementation of the Model Constructing Satisfiability Calculus",
  year      = 2013
}

@inproceedings{VMCAI13,
  author    = "Jovanovic, Devan and de Moura, Leonardo",
  title     = "A Model-Constructing Satisfiability Calculus",
  year      = 2013
}
