
@article{brand1975proving,
  title={Proving theorems with the modification method},
  author={Brand, Daniel},
  journal={SIAM Journal on Computing},
  volume={4},
  number={4},
  pages={412--430},
  year={1975},
  publisher={SIAM}
}

@inproceedings{letz2002integration,
  title={Integration of equality reasoning into the disconnection calculus},
  author={Letz, Reinhold and Stenz, Gernot},
  booktitle={International Conference on Automated Reasoning with Analytic Tableaux and Related Methods},
  pages={176--190},
  year={2002},
  organization={Springer}
}

@inproceedings{backeman2015theorem,
  title={{Theorem proving with bounded rigid E-Unification}},
  author={Backeman, Peter and R{\"u}mmer, Philipp},
  booktitle={International Conference on Automated Deduction},
  pages={572--587},
  year={2015},
  organization={Springer}
}

@article{degtyarev1996you,
  title={{What you always wanted to know about rigid E-unification}},
  author={Degtyarev, Anatoli and Voronkov, Andrei},
  journal={Logics in Artificial Intelligence},
  pages={50--69},
  year={1996},
  publisher={Springer}
}


@article{plaisted1995special,
  title={Special cases and substitutes for rigid E-unification},
  author={Plaisted, David A and Stadtwald, Im},
  year={1995},
  publisher={Citeseer}
}

@article{e_brainiac_prover,
    author = {Schulz, Stephan},
    title = {E - a brainiac theorem prover},
    journal = {AI Commun.},
    issue_date = {August 2002},
    volume = {15},
    number = {2,3},
    month = aug,
    year = {2002},
    issn = {0921-7126},
    pages = {111--126},
    numpages = {16},
    url = {http://dl.acm.org/citation.cfm?id=1218615.1218621},
    acmid = {1218621},
    publisher = {IOS Press},
    address = {Amsterdam, The Netherlands, The Netherlands},
    keywords = {E, Theorem proving, rewriting, search control, superposition},
}
